
%\chapter*{Bibliography}

@misc{adamczyk05,author = {J. Stephen Adamczyk},title = {{Adding the {\tt long} {\tt long} type to C++,(Revision 3)}},url= {http://open-std.org/JTC1/SC22/WG21//docs/papers/2005/n1811.pdf},month = {04},year = {2005},}

@book{alexandrescu01,
   author =    {Andrei Alexandrescu},
   title =     {{Modern C++ Design: Generic Programming and Design Patterns Applied}},
   publisher = {Addison-Wesley},
   year =      {2001},
   address = {Reading, MA},
}

@inproceedings{ballman,
   author =      {Aaron Ballman},
   title =       {{Rule 03. Integers (INT)}},
   booktitle = {SEI CERT C++ Coding Standard},
   url = {https://wiki.sei.cmu.edu/confluence/pages/viewpage.action?pageId=88046333},
   publisher = {Carnegie Mellon University Software Engineering Institute},
   address = {Pittsburgh, PA},
}

@misc{bde14,
key = {bde14},
organization = {Bloomberg},
title = {{Bloomberg BDE group XXXXXXXXXXXXXXXXX}},
url = {https://github.com/bloomberg/bde/},
}

@techreport{calabrese20,
   author =      {Matt Calabrese and Ryan McDougall},
   title =       {{\ttfamily any\_invocable}},
   number = {P0288R6},
   url = {http://www.open-std.org/jtc1/sc22/wg21/docs/papers/2020/p0288r6.html},
   institution = {International Standards Organization},
   address = {Geneva, Switzerland},
   year = {2020},
}

@book{cpp11,
   title = {{Information Technology — Programming Languages — C++}},
   url = {http://www.open-std.org/jtc1/sc22/wg21/docs/papers/2011/n3242.pdf},
   publisher = {International Standards Organization},
   address = {Geneva, Switzerland},
   year = {2011},
}

@inproceedings{cpprefa,
key = {{cpprefa}},
   title =       {{\ttfamily std::all\_of,} {\ttfamily std::any\_of,} {\ttfamily std::none\_of,}},
   booktitle = {C++ Algorithm Library},
   url = {https://en.cppreference.com/w/cpp/algorithm/all\_any\_none\_of},
   organization = {cppreference.com},
   year = {2011},
}

@inproceedings{cpprefb,
key = {{cpprefb}},
   title =       {{\ttfamily std::unordered\_map}},
   booktitle = {C++ Containers Library},
   url = {https://en.cppreference.com/w/cpp/container/unordered\_map},
   publisher = {cppreference.com},
}

@inproceedings{cpprefstdany,
   title =       {{\ttfamily std::any}},
   booktitle = {C++ Utilities Library},
   url = {https://en.cppreference.com/w/cpp/utility/any},
   publisher = {cppreference.com},
}

@inproceedings{cpprefdeclval,
   title =       {{\ttfamily std::declval}},
   booktitle = {C++ Utilities Library},
   url = {https://en.cppreference.com/w/cpp/utility/declval},
   publisher = {cppreference.com},
}



@techreport{csb15,
   title =       {{C++ Object Persistence with ODB}},
   number = {Revision 2.4},
   url = {https://www.codesynthesis.com/products/odb/doc/manual.xhtml},
   publisher = {Code Synthesis Tools CC},
   year = {2015},
   month = {February},
}

@manual{cwg20,
   title =       {{Allow Duplicate Attributes}},
   url = {https://wg21.link/p2156r0},
   publisher = {C++ Standards Committee Working Group},
   year = {2020},
   address = {Geneva, Switzerland},
   number = {P2156r0},
}

@incollection{dijkstra82,
author = {Edsger W. Dijkstra},
title = {On the Role of Scientific Thought},
booktitle = {Selected writings on Computing: A Personal Perspective},
publisher = {Springer-Verlag},
address = {NY},
year = {1982},
pages = {60--66},
}

@misc{fluentcpp,
author = {},
title = {{Virtual, final and override in C++ - Fluent C++}},
url = {https://www.fluentcpp.com/2020/02/21/virtual-final-and-override-in-cpp/},
month = {},
year = {},
}

@manual{freesoftwarefdn20,
   title =       {{Using the GNU Compiler Collection (GCC)}},
   url = {https://gcc.gnu.org/onlinedocs/gcc/},
   publisher = {Free Software Foundation, Inc.},
   year = {2020},
   address = {Boston, MA},
}
%\textbf{RETAIN IN CASE WE NEED THIS; USED IN ATTRIBUTES FEATURE}\qquad  section~6.33.1, ``Common Function Attributes," \\
%https://gcc.gnu.org/onlinedocs/gcc/Common-Function-Attributes.html\#Common-Function-Attribut}\\

@book{gamma95,
@author = {Erich Gamma},
title = {{Design Patterns: Elements of Reusable Object-Oriented Software}},
publisher = {Addison-Wesley},
address = {Boston, MA}, 
year = {1995}, 
}



@techreport{goldthwaite07,
author = {Lois Goldthwaite},
title = {{Toward a More Perfect Union}},
url = {http://www.open-std.org/jtc1/sc22/wg21/docs/papers/2007/n2248.html},
month = {{May 7}},
year = {2007},
number = {N2248}
}

@inproceedings{grimm17,
author = {Rainer Grimm},
title = {C++ Core Guidelines: Rules for Enumerations},
booktitle = {Modernes C++},
url = {https://www.modernescpp.com/index.php/c-core-guidelines-rules-for-enumerations},
month = {{November 27}},
year = {2017},
}

@inproceedings{gustedt13,
author = {Jens Gustedt},
   title =       {{right angle brackets: shifting semantics}},
   booktitle = {Jens Gustedt's Blog},
   url = {https://gustedt.wordpress.com/2013/12/18/right-angle-brackets-shifting-semantics/},
   publisher = {WordPress},
   year = {{December 18, 2013}},
   month = {{December 18}},
}

@techreport{hinnant02,
author = {Howard Hinnant},
   title =       {{A Proposal to Add Move Semantics Support to the C++ Language}},
   url = {http://www.open-std.org/jtc1/sc22/wg21/docs/papers/2002/n1377.htm},
   publisher = {International Standards Organization},
   year = {2002},
   address = {Geneva, Switzerland},
}

@inproceedings{hinnant14,
author = {Howard Hinnant},
   title =       {{Everything You Ever Wanted To Know About Move Semantics (and Then Some)}},
   booktitle = {Conference of the ACCU},
   url = {https://accu.org/content/conf2014/Howard\_Hinnant\_Accu\_2014.pdf},
   year = {2014},
   address = {Bristol, England},
   note = {April 8--12, 2014},
}

@misc{hinnant16,
author = {Howard Hinnant},
   title =       {{Everything You Ever Wanted To Know About Move Semantics}},
   booktitle = {Bloomberg Engineering Distinguished Speaker Series},
   url = {https://www.youtube.com/watch?v=vLinb2fgkHk\&t=28s},
   year = {2016},
   address = {New York, NY},
}

@manual{hinnant17,
author = {Howard Hinnant},
   title =       {{Issue 2278: User-Defined Literals for Standard Library Types}},
   url = {https://cplusplus.github.io/LWG/issue2278},
   publisher = {International Standards Organization},
   year = {2017},
   address = {Geneva, Switzerland},
note = {10 Sep 2020},
number = {CWG2278},
}

@article{hruska20,
author = {Joel Hruska},
title = {{How L1 and L2 CPU Caches Work, and Why They’re an Essential Part of Modern Chips}},
journal = {Extreme Tech},
year = {2020},
month = {April},
note = {April 14, 2020},
url = {https://www.extremetech.com/extreme/188776-how-l1-and-l2-cpu-caches-work-and-why-theyre-an-essential-part-of-modern-chips},
}

@manual{ieee19, 
title = {{IEEE Standard for Floating-Point Arithmetic}},
address = {New York, NY},
organization = {Institute of Electrical and Electronics Engineers, Inc.},
year = {2019}, 
}

@misc{informit,
author = {},
title = {{Safety in Numbers: Introducing C++14's Binary Literals, Digit Separators, and Variable Templates}},
url = {https://www.informit.com/articles/article.aspx?p=2209021},
month = {},
year = {},
}

@manual{intel16, 
key = {{intel}},
title = {{Intel 64 and IA-32 Architectures Optimization Reference Manual}},
address = {Santa Clara, CA},
number = {248966-033},
institution = {Intel Corporation},
year = {2016}, 
url = {https://www.intel.com/content/dam/www/public/us/en/documents/manuals/64-ia-32-architectures-optimization-manual.pdf},
}

@manual{inteliig, 
title = {{The Intel Intrinsics Guide}},
address = {Santa Clara, CA},
organization = {Intel Corporation},
url = {https://software.intel.com/sites/landingpage/IntrinsicsGuide/\#},
}

@manual{iso11, 
title = {{ISO/IEC 14882:2011 Programming Language C++}},
address = {Geneva, Switzerland},
organization = {International Standards Organization},
year = {2011},
url = {},
}
%% NEED URL

@manual{iso14, 
title = {{ISO/IEC 14882:2014 Programming Language C++}},
address = {Geneva, Switzerland},
organization = {International Standards Organization},
year = {2014},
url = {http://www.open-std.org/JTC1/SC22/WG21/docs/papers/2013/n3797.pdf},
}

@manual{iso18a, 
title = {{C++ Standard Core Language Active Issues, Revision 100}},
address = {Geneva, Switzerland},
organization = {International Standards Organization},
year = {2018},
url = {http://www.open-std.org/jtc1/sc22/wg21/docs/cwg\_active.html},
}

@manual{iso18b, 
title = {{ISO/IEC 9899:2018 Information Technology --- Programming Languages --- C}},
address = {Geneva, Switzerland},
organization = {International Standards Organization},
year = {2018},
url = {https://www.iso.org/standard/74528.html},
}

@manual{iso20a, 
title = {{ISO/IEC P2156R1:2020 Allow Duplicate Attributes}},
address = {Geneva, Switzerland},
organization = {International Standards Organization},
year = {2020},
url = {http://www.open-std.org/jtc1/sc22/wg21/docs/papers/2020/p2156r1.pdf},
}

@manual{iso20b, 
title = {{ISO/IEC 14882:2020 Programming Languages --- C++}},
address = {Geneva, Switzerland},
organization = {International Standards Organization},
year = {2020},
url = {https://www.iso.org/standard/79358.html},
}

@misc{kahan97,
author = {W. Kahan},
title = {{Lecture Notes on the Status of IEEE Standard 754 for Binary Floating-Point Arithmetic}},
address = {Berkeley, CA},
institution = {Electrical Engineering and Computer Science Department, University of California}, 
year = {1997},
url = {https://people.eecs.berkeley.edu/~wkahan/ieee754status/IEEE754.PDF}, 
}

@techreport{klarer04,
author = {Robert Klarer and John Maddock and Beman Dawes and Howard Hinnant},
title = {Proposal to Add Static Assertions to the Core Language (Revision 3)},
url = {http://www.open-std.org/jtc1/sc22/wg21/docs/papers/2004/n1720.html},
address = {Geneva, Switzerland},
organization = {International Standards Organization},
month = {{October 20}},
year = {2004},
number = {N1720},
}


@techreport{lakos16,
author = {John Lakos and Jeffrey Mendelsohn and Alisdair Meredith and Nathan Myers},
   title =       {{On Quantifying Memory-Allocation Strategies (Revision 2)}},
   url = {http://www.open-std.org/jtc1/sc22/wg21/docs/papers/2016/p0089r1.pdf},
   year = {2016},
   month = {{February 12}},
number = {P0089R1},
}

@inproceedings{lakos17,
author = {John Lakos},
   title =       {{Local (`Arena') Memory Allocators --- Part II}},
   booktitle = {Meeting C++},
   url = {https://www.youtube.com/watch?v=fN7nVzbRiEk},
   year = {2017},
}

@inproceedings{lakos19,
author = {John Lakos},
   title =       {{Value Proposition: Allocator-Aware (AA) Software}},
   booktitle = {C++Now},
   url = {https://www.youtube.com/watch?v=dDR93TfacHc},
   year = {2019},
}

@book{lakos20,
author = {John Lakos},
   title =       {{Large-Scale C++ --- Volume I: Process and Architecture}},
publisher = {Addison-Wesley},
address = {Reading, MA},
   year = {2019},
}

@unpublished{lakos22,
author = {John Lakos and Joshua Berne},
   title =       {{C++ Allocators for the Working Programmer}},
publisher = {Addison-Wesley},
address = {Reading, MA},
note = {manuscript}
}

@unpublished{lakos23,
author = {John Lakos and Rostislava Klebnikhov},
   title =       {{Design by Contract for Large-Scale Software}},
publisher = {Addison-Wesley},
address = {Reading, MA},
note = {manuscript}
}

@unpublished{lakos2a,
author = {John Lakos},
   title =       {{Large-Scale C++ --- Volume II: Design and Implementation}},
publisher = {Addison-Wesley},
address = {Reading, MA},
note = {manuscript}
}

@unpublished{lakos2b,
author = {John Lakos},
   title =       {{Large-Scale C++ --- Volume III: Verification and Testing}},
publisher = {Addison-Wesley},
address = {Reading, MA},
note = {manuscript}
}

@book{lakos96,
author = {John Lakos},
   title =       {{Large-Scale C++ Software Design}},
publisher = {Addison-Wesley},
address = {Reading, MA},
   year = {1996},
}

@misc{mayrand15, 
author = {Fran\c{c}ois Mayrand},
title = {{Passkey Idiom and Better Friendship in C++}},
booktitle = {Desktop Application Development},
publisher = {Spiria Digital Inc.},
year = {2015},
month = {{21 May}},
url = {https://www.spiria.com/en/blog/desktop-software/passkey-idiom-and-better-friendship-c/},
note = {blog},
}

@manual{meredith08,
author = {Alisdair Meredith and M. Wong and J. Maurer},
title = {{Inheriting Constructors (Revision 4)}},
number = {N2512},
month = {{02 April }}, 
year = {2008},
address = {Geneva, Switzerland},
institution = {International Standards Organization},
url = {http://www.open-std.org/jtc1/sc22/wg21/docs/papers/2008/n2512.html},
}

@manual{meredith20,
author = {Alisdair Meredith},
title = {{Down with \sout{typename} in the Library!}},
number = {P2150R0},
month = {{14 April }}, 
year = {2020},
address = {Geneva, Switzerland},
institution = {International Standards Organization},
url = {http://open-std.org/JTC1/SC22/WG21/docs/papers/2020/p2150r0.html},
}

@inproceedings{mertz18,
author = {Arne Mertz},
title = {{Trailing Return Types, East Const, and Code Style Consistency}},
booktitle = {Simplify C++!},
url = {https://arne-mertz.de/2018/05/trailing-return-types-east-const-and-code-style-consistency/},
month = {{May 2}},
year = {2018},
}

@misc{meyers15a,
author = {Scott Meyers},
title = {{The View from Aristeia: Breaking All the Eggs in C++}},
url = {http://scottmeyers.blogspot.com/2015/11/breaking-all-eggs-in-c.html},
month = {November},
year = {2015},
}

@book{meyers15b,
author  = {Scott Meyers},
title = {{Effective Modern C++: 42 Specific Ways to Improve Your Use of C++11 and C++14}},
publisher = {O'Reilly},
address = {Sebastopol, CA},
year = {2015},
}


@book{meyers92,
author = {Scott Meyers},
title = {{?????}},
edition = {second},
year = {1992}, 
publisher = {?????},
address = {Boston, MA},
note = {ISBN: 0-201-56364-9}
}

@book{meyers97,
author = {Scott Meyers},
title = {{Effective C++}},
edition = {second},
year = {1997}, 
publisher = {Addison Wesley},
address = {Boston, MA},
}

@manual{microsoft,
institution = {Microsoft},
title = {{Guidelines Support Library}},
url = {https://github.com/Microsoft/GSL},
}

@article{microsoftC26481,
institution = {Microsoft},
title = {{C26481 NO\_POINTER\_ARITHMETIC}},
journal = {Guidelines Support Library},
year = {2020},
url = {https://docs.microsoft.com/en-us/cpp/code-quality/c26481?view=vs-2019},
}

@manual{microsoft-types,
institution = {Microsoft},
title = {{Built-in types (C++)}},
url = {https://docs.microsoft.com/en-us/cpp/cpp/fundamental-types-cpp},
}


@inproceedings{miller13,
author = {Mike Miller},
title = {{Issue 1655: Line Endings in Raw String Literals}},
booktitle = {C++ Standard Core Language Active Issues, Revision 100},
address = {Geneva, Switzerland},
institution = {International Standards Organization},
year = {2018},
url = {http://www.open-std.org/jtc1/sc22/wg21/docs/cwg\_active.html\#1655},
note = {{26 April, 2013}},
}

@inproceedings{miller17,
author = {Mike Miller},
title = {{Issue 2354: Extended Alignment and Object Representation}},
booktitle = {Core Language Working Group Tentatively Ready Issues for the February, 2019 (Kona) Meeting},
address = {Geneva, Switzerland},
institution = {International Standards Organization},
year = {2019},
url = {http://www.open-std.org/jtc1/sc22/wg21/docs/papers/2019/p1359r0.html\#2354},
note = {{05 September 2017}},
}

@techreport{miller19,
author = {David E. Miller and Herb Sutter and Bjarne Stroustrup},
title = {Strongly Typed Enums (revision 3)},
number = {N2347},
institution = {International Standards Organization},
address = {Geneva, Switzerland},
url = {http://www.open-std.org/jtc1/sc22/wg21/docs/papers/2007/n2347.pdf},
month = {07},
year = {2019},
}

@article{meyers04,
  title = {{C++ and the Perils of Double-Checked Locking: Part I}},
  author = {Scott Meyers and Andrei Alexandrescu},
  journal = {Dr. Dobb’s Journal},
  pages = {46--49},
  year = {2004},
}

@book{meyers05,
author = {Scott Meyers},
title = {{Effective C++}},
publisher = {Addison-Wesley},
year = {2005},
address = {Boston, MA},
}

@book{meyers15,
      author        = {Meyers, Scott},
      title         = {{Effective Modern C++: 42 Specific Ways to Improve Your
                       Use of C++11 and C++14}},
      publisher     = {O'Reilly},
      address       = {Sebastopol, CA},
      year          = {2015},
}

@misc{narkive,
title = {{Why internal linkage variables can't be used to instantialize an template?}},
publisher = {{Narkive, accessed February 4, 2021}}, 
url = {https://comp.lang.cpp.moderated.narkive.com/PsCvujrV/why-internal-linkage-variables-can-t-be-used-to-instantialize-an-template},
}

@inbook{niebler13,
author = {Eric Niebler},
title = {Universal References and the Copy Constructor},
booktitle = {ericniebler.com},
url = {https://ericniebler.com/2013/08/07/universal-references-and-the-copy-constructo/},
month = {{August 7}},
year = {2013},
}

@inbook{ouellet16,
author = {F\`{e}lix-Antoine Ouellet},
title = {{The joys and pains of unrestricted unions}},
booktitle = {{/* Insert Code Here */}},
url = {https://faouellet.github.io/unrestricted-unions/},
month = {{August 18}},
year = {2016},
}

@techreport{pusz20,
author = {Mateusz Pusz},
title = {{Enable variable template template Parameters}},
institution = {C++ Standards Committee Working Group},
number = {P2008R0},
address = {Geneva, Switzerland},
year = {2005},
}


@book{solihin15,
author = {Yan Solihin},
title = {{Fundamentals of Parallel Multi-Core Architecture}},
publisher = {CRC Press},
year = {2015},
address = {Boca Raton, FL},
}

@book{seacord13,
author = {Robert C. Seacord},
title = {{Secure Coding in C and C++}},
edition = {second},
publisher = {Addison Wesley},
year = {2013},
address = {Boston, MA},
}

@misc{sharpe13,
author = {Chris Sharpe},
title = {{Contextually converted to bool}},
booktitle = {Chris's C++ Thoughts},
note = {blog},
year = {2013},
month = {{July 28}},
url = {http://chris-sharpe.blogspot.com/2013/07/contextually-converted-to-bool.html},
publisher = {Blogspot},
}

@techreport{smith15a,
author = {Richard Smith},
title = {{Attributes for namespaces and enumerators}},
institution = {C++ Standards Committee Working Group},
number = {N4196},
address = {Geneva, Switzerland},
year = {2015},
}

@techreport{smith15b,
author = {Richard Smith},
title = {{Rewording Inheriting Constructors (Core Issue 1941 et al.)}},
institution = {C++ Standards Committee Working Group},
number = {P0136R1},
address = {Geneva, Switzerland},
year = {2015},
note = {19 Oct 2020},
}

@techreport{smith18,
author = {Richard Smith},
title = {{Base Class Copy and Move Constructors Should Not Be Inherited}},
institution = {C++ Standards Committee Working Group},
number = {CWG2356},
address = {Geneva, Switzerland},
year = {2018},
note = {26 Feb 2018},
}

@book{stevens93,
author = {W. Richard Stevens},
title = {{Advanced Programming in the UNIX Environment}},
address = {Boston, MA},
publisher = {Addison-Wesley},
year = {1993},
}

@book{stroustrup13,
author = {Bjarne Stroustrup},
title = {{The C++ Programming Language}},
address = {Boston, MA},
publisher = {Addison-Wesley},
year = {2013},
edition = {fourth},
}

@book{stroustrup20,
author = {Bjarne Stroustrup and Herb Sutter, Eds.},
title = {{C++ Core Guidelines}},
address = {XXXXXXXXXXXXX, WA},
publisher = {Standard C++ Foundation},
year = {2020},
url = {https://isocpp.github.io/CppCoreGuidelines/CppCoreGuidelines},
}

@inbook{sutter12,
author = {Herb Sutter},
title = {{Reader Q\&A: What does it mean for [[attributes]] to affect language semantics? – Sutter’s Mill}},
booktitle = {Sutter’s Mill: Herb Sutter on Software Development},
url = {https://herbsutter.com/2012/04/05/reader-qa-what-does-it-mean-for-attributes-to-affect-language-semantics/},
month = {{April 5}},
year = {2012},
}

@techreport{sutter14,
author = {Herb Sutter and Bjarne Stroustrup and Gabriel Dos Reis},
title = {{Forwarding References}},
number = {N4164},
url = {https://isocpp.org/files/papers/N4164.pdf},
address = {Geneva, Switzerland},
institution = {International Standards Organization},
month = {{October 6}},
year = {2014},
}

@techreport{svoboda10,
author = {David Svoboda},
title = {Supporting the 'noreturn' property in C1x},
url = {http://www.open-std.org/jtc1/sc22/wg14/www/docs/n1453.htm},
number = {N1453},
month = {{April 27}},
year = {2010},
address = {Geneva, Switzerland},
institution = {International Standards Organization},
}

@techreport{vandevoorde05,
author = {Daveed Vandevoorde},
title = {{Right Angle Brackets}},
institution = {C++ Standards Committee Working Group},
number = {N1757},
address = {Geneva, Switzerland},
year = {2005},
note = {Revision 2},
url = {http://www.open-std.org/jtc1/sc22/wg21/docs/papers/2005/n1757.html},
}

@misc{wight,
author = {Hyrum Wight},
title = {{Hyrum's Law}},
url = {https://www.hyrumslaw.com/},
}





