../../src/books/booksample/booksample-bib.bib