../../src/books/cawp/cawp-bib.bib