
%\chapter*{Bibliography}

@misc{aaaaa,
note = {\textbf{PRODUCTION: Greg wants to review the bib when it is complete.}},
}

@techreport{adamczyk05,
author = {J. Stephen Adamczyk},
title = {{Adding the {\tt long} {\tt long} type to C++, (Revision 3)}},
number = {N1811},
   institution = {International Standards Organization},
   address = {Geneva, Switzerland},
url= {http://open-std.org/JTC1/SC22/WG21//docs/papers/2005/n1811.pdf},
month = {April},
year = {2005},
}

@book{alexandrescu01,
   author =    {Andrei Alexandrescu},
   title =     {{Modern C++ Design: Generic Programming and Design Patterns Applied}},
   publisher = {Addison-Wesley},
   year =      {2001},
   address = {Reading, MA},
}

@inproceedings{ballman,
   author =      {Aaron Ballman},
   title =       {{Rule 03. Integers (INT)}},
   booktitle = {SEI CERT C++ Coding Standard},
   url = {https://wiki.sei.cmu.edu/confluence/pages/viewpage.action?pageId=88046333},
   publisher = {Carnegie Mellon University Software Engineering Institute},
   address = {Pittsburgh, PA},
}

@techreport{balog20,
author = {Pal Balog}, 
title = {{Make Declaration Order Layout Mandated}}, 
   number = {P1847R3},
   url = {http://www.open-std.org/jtc1/sc22/wg21/docs/papers/2020/p1847r3.pdf},
   institution = {International Standards Organization},
   address = {Geneva, Switzerland},
   year = {2020},
   month = {{March 1,}},
}

@article{barendregt84,
author = {Henk Barendregt and E. Barendsen},
year = {1984},
month = {January},
pages = {337--372},
title = {{Introduction to Lambda Calculus}},
volume = {4},
journal = {Nieuw Archief Voor Wisenkunde},
}

@misc{bde14,
key = {bde14},
organization = {Bloomberg},
title = {{Bloomberg BDE group \textbf{AUTHORS: Please complete the citation.}}},
url = {https://github.com/bloomberg/bde/},
}

@misc{bendersky18,
author = {Eli Bendersky},
title = {{Unification}},
url = {https://eli.thegreenplace.net/2018/unification/},
month = {{November 12,}},
year = {2018},
}
% note = {(Accessed on 02/14/2021)}

@techreport{boehm16,
author = {Hans-J. Boehm}, 
title = {{Temporarily Discourage \texttt{memory\_order\_consume}}}, 
   number = {P0371R1},
   url = {http://www.open-std.org/jtc1/sc22/wg21/docs/papers/2016/p0371r1.html},
   institution = {International Standards Organization},
   address = {Geneva, Switzerland},
   year = {2016},
}

@techreport{calabrese20,
   author =      {Matt Calabrese and Ryan McDougall},
   title =       {{\ttfamily any\_invocable}},
   number = {P0288R6},
   url = {http://www.open-std.org/jtc1/sc22/wg21/docs/papers/2020/p0288r6.html},
   institution = {International Standards Organization},
   address = {Geneva, Switzerland},
   year = {2020},
}

@book{cpp11,
key = {cpp},
   title = {{Information Technology — Programming Languages — C++}},
   url = {http://www.open-std.org/jtc1/sc22/wg21/docs/papers/2011/n3242.pdf},
   publisher = {International Standards Organization},
   address = {Geneva, Switzerland},
   year = {2011},
}

@misc{cpprefa,
key = {{cpprefa}},
   title =       {{\ttfamily std::all\_of,} {\ttfamily std::any\_of,} {\ttfamily std::none\_of,}},
   url = {https://en.cppreference.com/w/cpp/algorithm/all\_any\_none\_of},
   howpublished = {{C++ Algorithm Library, cppreference.com}},
}

@misc{cpprefb,
key = {{cpprefb}},
   title =       {{\ttfamily std::unordered\_map}},
   url = {https://en.cppreference.com/w/cpp/container/unordered\_map},
   howpublished = {{C++ Containers Library, cppreference.com}},
}

@misc{cpprefstdany,
key = {cpprefstdany},
   title =       {{\ttfamily std::any}},
   url = {https://en.cppreference.com/w/cpp/utility/any},
   howpublished = {{C++ Utilities Library, cppreference.com}},
}

@misc{cpprefdeclval,
key = {cpprefdeclval},
   title =       {{\ttfamily std::declval}},
   url = {https://en.cppreference.com/w/cpp/utility/declval},
   howpublished = {{C++ Utilities Library, cppreference.com}},
}

@techreport{csb15,
   title =       {{C++ Object Persistence with ODB}},
   number = {Revision 2.4},
   url = {https://www.codesynthesis.com/products/odb/doc/manual.xhtml},
   publisher = {Code Synthesis Tools CC},
   year = {2015},
   month = {February},
}

@techreport{cwg20,
   title =       {{Allow Duplicate Attributes}},
   number = {P2156R0},
   url = {https://wg21.link/p2156r0},
   institution = {C++ Standards Committee Working Group},
   year = {2020},
   address = {Geneva, Switzerland},
}

@techreport{derevenets16,
author = {Yegor Derevenets}, 
   title =       {{A Proposal to Add Y Combinator to the Standard Library}},
   number = {P0200R0},
   url = {http://www.open-std.org/jtc1/sc22/wg21/docs/papers/2016/p0200r0.html},
   institution = {C++ Standards Committee Working Group},
   year = {2016},
   month = {{January 22,}}
   address = {Geneva, Switzerland},
}

@inproceedings{dewhurst19, 
author = {Stephen Dewhurst}, 
title = {TMI on UDLs: Mechanics, Uses, and Abuses of User-Defined Literals}, 
booktitle = {CppCon: The C++ Conference}, 
month = {{September 17}}, 
year = {2019}, 
url = {https://www.youtube.com/watch?v=gxMiiI19VnQ}, 
}


@incollection{dijkstra82,
author = {Edsger W. Dijkstra},
title = {On the Role of Scientific Thought},
booktitle = {Selected writings on Computing: A Personal Perspective},
publisher = {Springer-Verlag},
address = {NY},
year = {1982},
pages = {60--66},
}

@book{ellis90,
  author = {Margaret A. Ellis and Bjarne Stroustrup},
  title = {{The Annotated C++ Reference Manual}},
  address = {Reading, MA},
  publisher = {Addison-Wesley},
  year = {1990},
}

@misc{fluentcpp,
author = {},
title = {{Virtual, final and override in C++}},
howpublished = {{Fluent C++}},
url = {https://www.fluentcpp.com/2020/02/21/virtual-final-and-override-in-cpp/},
month = {{February 21,}},
year = {2020},
}

@misc{fluentcpp17,
author = {},
title = {{What the Curiously Recurring Template Pattern Can Bring to Your Code}},
howpublished = {{Fluent C++}},
url = {https://www.fluentcpp.com/2017/05/16/what-the-crtp-brings-to-code/},
month = {{May 16,}},
year = {2017},
}

@book{freesoftwarefdn20,
   title =       {{Using the GNU Compiler Collection (GCC)}},
   url = {https://gcc.gnu.org/onlinedocs/gcc/},
   publisher = {Free Software Foundation, Inc.},
   year = {2020},
   address = {Boston, MA},
}
%\textbf{RETAIN IN CASE WE NEED THIS; USED IN ATTRIBUTES FEATURE}\qquad  section~6.33.1, ``Common Function Attributes," \\
%https://gcc.gnu.org/onlinedocs/gcc/Common-Function-Attributes.html\#Common-Function-Attribut}\\

@book{gamma95,
@author = {Erich Gamma},
title = {{Design Patterns: Elements of Reusable Object-Oriented Software}},
publisher = {Addison-Wesley},
address = {Boston, MA}, 
year = {1995}, 
}

@techreport{goldthwaite07,
author = {Lois Goldthwaite},
title = {{Toward a More Perfect Union}},
url = {http://www.open-std.org/jtc1/sc22/wg21/docs/papers/2007/n2248.html},
month = {{May 7,}},
year = {2007},
   institution = {International Standards Organization},
   address = {Geneva, Switzerland},
number = {N2248}
}

@misc{grimm17,
author = {Rainer Grimm},
title = {{C++ Core Guidelines: Rules for Enumerations}},
howpublished = {Modernes C++},
url = {https://www.modernescpp.com/index.php/c-core-guidelines-rules-for-enumerations},
month = {{November 27,}},
year = {2017},
}

@misc{gustedt13,
author = {Jens Gustedt},
   title =       {{right angle brackets: shifting semantics}},
   howpublished = {Jens Gustedt's Blog},
   url = {https://gustedt.wordpress.com/2013/12/18/right-angle-brackets-shifting-semantics/},
   year = {2013},
   month = {{December 18,}},
}

@techreport{hinnant02,
author = {Howard Hinnant},
   title =       {{A Proposal to Add Move Semantics Support to the C++ Language}},
   url = {http://www.open-std.org/jtc1/sc22/wg21/docs/papers/2002/n1377.htm},
   institution = {International Standards Organization},
   year = {2002},
   address = {Geneva, Switzerland},
   number = {N1377},
}

@inproceedings{hinnant14,
author = {Howard Hinnant},
   title =       {{Everything You Ever Wanted To Know About Move Semantics (and Then Some)}},
   booktitle = {Conference of the ACCU},
   url = {https://accu.org/content/conf2014/Howard\_Hinnant\_Accu\_2014.pdf},
   year = {2014},
   address = {Bristol, England},
   month = {{April 8--12,}},
}

@misc{hinnant16,
author = {Howard Hinnant},
   title =       {{Everything You Ever Wanted To Know About Move Semantics}},
   howpublished = {Bloomberg Engineering Distinguished Speaker Series},
   url = {https://www.youtube.com/watch?v=vLinb2fgkHk\&t=28s},
   year = {2016},
   address = {New York, NY},
}

@techreport{hinnant17,
author = {Howard Hinnant},
   title =       {{Issue 2278: User-Defined Literals for Standard Library Types}},
   url = {https://cplusplus.github.io/LWG/issue2278},
   institution = {International Standards Organization},
   year = {2017},
   address = {Geneva, Switzerland},
month = {{September 10,}},
number = {CWG2278},
}

@article{hruska20,
author = {Joel Hruska},
title = {{How L1 and L2 CPU Caches Work, and Why They’re an Essential Part of Modern Chips}},
journal = {Extreme Tech},
year = {2020},
month = {{April 14,}},
url = {https://www.extremetech.com/extreme/188776-how-l1-and-l2-cpu-caches-work-and-why-theyre-an-essential-part-of-modern-chips},
}

@book{ieee19, 
key = {ieee19},
title = {{IEEE Standard for Floating-Point Arithmetic}},
address = {New York, NY},
publisher = {Institute of Electrical and Electronics Engineers, Inc.},
year = {2019}, 
url = {\textbf{AUTHORS: add url?}}
}

@misc{informit,
key = {informit},
title = {{Safety in Numbers: Introducing C++14's Binary Literals, Digit Separators, and Variable Templates}},
howpublished = {{informit.com}},
url = {https://www.informit.com/articles/article.aspx?p=2209021},
month = {{May 14,}},
year = {2014},
}

@book{intel16, 
key = {{intel}},
title = {{Intel 64 and IA-32 Architectures Optimization Reference Manual}},
address = {Santa Clara, CA},
number = {248966-033},
publisher = {Intel Corporation},
year = {2016}, 
url = {https://www.intel.com/content/dam/www/public/us/en/documents/manuals/64-ia-32-architectures-optimization-manual.pdf},
}

@misc{inteliig, 
key = {inteliig},
title = {{The Intel Intrinsics Guide}},
address = {Santa Clara, CA},
howpublished = {Intel Corporation},
url = {https://software.intel.com/sites/landingpage/IntrinsicsGuide/\#},
}

@book{iso11, 
key = {iso11},
title = {{ISO/IEC 14882:2011 Programming Language C++}},
address = {Geneva, Switzerland},
publisher = {International Standards Organization},
year = {2011},
url = {\textbf{AUTHORS: Is this the same thing as cpp11? Add url? }},
}
%% NEED URL

@book{iso14, 
key = {iso14},
title = {{ISO/IEC 14882:2014 Programming Language C++}},
address = {Geneva, Switzerland},
publisher = {International Standards Organization},
year = {2014},
url = {http://www.open-std.org/JTC1/SC22/WG21/docs/papers/2013/n3797.pdf},
}

@book{iso17, 
key = {iso17},
title = {{ISO/IEC 14882:2017 Programming Language C++}},
address = {Geneva, Switzerland},
publisher = {International Standards Organization},
year = {2017},
url = {http://www.open-std.org/jtc1/sc22/wg21/docs/papers/2017/n4659.pdf},
}

@techreport{iso18a, 
key = {iso18a},
title = {{C++ Standard Core Language Active Issues, Revision 100}},
address = {Geneva, Switzerland},
institution = {International Standards Organization},
year = {2018},
url = {http://www.open-std.org/jtc1/sc22/wg21/docs/cwg\_active.html},
}

@book{iso18b, 
key = {iso18b},
title = {{ISO/IEC 9899:2018 Information Technology --- Programming Languages --- C}},
address = {Geneva, Switzerland},
publisher = {International Standards Organization},
year = {2018},
url = {https://www.iso.org/standard/74528.html},
}

@techreport{iso20a, 
key = {iso20a},
title = {{Allow Duplicate Attributes}},
address = {Geneva, Switzerland},
institution = {International Standards Organization},
year = {2020},
number = {P2156R1},
url = {http://www.open-std.org/jtc1/sc22/wg21/docs/papers/2020/p2156r1.pdf},
}

@book{iso20b, 
key = {iso20b},
title = {{ISO/IEC 14882:2020 Programming Languages --- C++}},
address = {Geneva, Switzerland},
publisher = {International Standards Organization},
year = {2020},
url = {https://www.iso.org/standard/79358.html},
}

@misc{kahan97,
author = {W. Kahan},
title = {{Lecture Notes on the Status of IEEE Standard 754 for Binary Floating-Point Arithmetic}},
address = {Berkeley, CA},
howpublished = {Electrical Engineering and Computer Science Department, University of California, Berkeley, CA}, 
year = {1997},
url = {https://people.eecs.berkeley.edu/~wkahan/ieee754status/IEEE754.PDF}, 
}

@book{kernighan99,
author = {Brian W. Kernighan and Rob Pike}, 
title = {The Practice of Programming}, 
publisher = {McGraw-Hill}, 
address = {XXXXXXXXXXXXXXXXX}, 
year = {1999}, 
}

@techreport{klarer04,
author = {Robert Klarer and John Maddock and Beman Dawes and Howard Hinnant},
title = {Proposal to Add Static Assertions to the Core Language (Revision 3)},
url = {http://www.open-std.org/jtc1/sc22/wg21/docs/papers/2004/n1720.html},
address = {Geneva, Switzerland},
institution = {International Standards Organization},
month = {{October 20,}},
year = {2004},
number = {N1720},
}

@techreport{kuhl12,
author = {Dietmar K\"{u}hl},
title = {{Proposal to Add Decimal Floating Point Support to C++}},
url = {http://www.open-std.org/jtc1/sc22/wg21/docs/papers/2012/n3407.html},
address = {Geneva, Switzerland},
institution = {International Standards Organization},
month = {{September 14,}},
year = {2012},
number = {N3407},
}

@techreport{lakos16,
author = {John Lakos and Jeffrey Mendelsohn and Alisdair Meredith and Nathan Myers},
   title =       {{On Quantifying Memory-Allocation Strategies (Revision 2)}},
   url = {http://www.open-std.org/jtc1/sc22/wg21/docs/papers/2016/p0089r1.pdf},
   year = {2016},
   month = {{February 12,}},
number = {P0089R1},
}

@inproceedings{lakos17,
author = {John Lakos},
   title =       {{Local (`Arena') Memory Allocators --- Part II}},
   booktitle = {Meeting C++},
   url = {https://www.youtube.com/watch?v=fN7nVzbRiEk},
   year = {2017},
}

@inproceedings{lakos19,
key = {lakos19},
author = {John Lakos},
   title =       {{Value Proposition: Allocator-Aware (AA) Software}},
   booktitle = {C++Now},
   url = {https://www.youtube.com/watch?v=dDR93TfacHc},
   year = {2019},
}

@book{lakos20,
key = {lakos20a},
author = {John Lakos},
   title =       {{Large-Scale C++ --- Volume I: Process and Architecture}},
publisher = {Addison-Wesley},
address = {Reading, MA},
   year = {2019},
}

@book{lakos22,
key = {lakos22},
author = {John Lakos and Joshua Berne},
   title =       {{C++ Allocators for the Working Programmer}},
publisher = {Addison-Wesley},
address = {Reading, MA},
year = {forthcoming},
}

@book{lakos23,
key = {lakos23},
author = {John Lakos and Rostislava Klebnikhov},
   title =       {{Design by Contract for Large-Scale Software}},
publisher = {Addison-Wesley},
address = {Reading, MA},
year = {forthcoming},
}

@book{lakos2a,
key = {lakos20b},
author = {John Lakos},
   title =       {{Large-Scale C++ --- Volume II: Design and Implementation}},
publisher = {Addison-Wesley},
address = {Reading, MA},
year = {forthcoming},
}

@book{lakos2b,
key = {lakos20c},
author = {John Lakos},
   title =       {{Large-Scale C++ --- Volume III: Verification and Testing}},
publisher = {Addison-Wesley},
address = {Reading, MA},
year = {forthcoming},
}

@book{lakos96,
author = {John Lakos},
   title =       {{Large-Scale C++ Software Design}},
publisher = {Addison-Wesley},
address = {Reading, MA},
   year = {1996},
}

@inproceedings{leyton-brown03,
  title={{A Portfolio Approach to Algorithm Selection}},
  author={Kevin Leyton-Brown and Eugene Nudelman and Galen Andrew and Jim McFadden and Yoav Shoham},
  booktitle={IJCAI},
  volume={3},
  pages={1542--1543},
  year={2003},
}

@inproceedings{liskov87,
author = {Barbara Liskov},
title = {{Data Abstraction and Hierarchy}},
year = {1987},
publisher = {Association for Computing Machinery},
month = {January},
address = {New York},
url = {https://dl.acm.org/doi/10.1145/62138.62141},
booktitle = {Addendum to the Proceedings on Object-Oriented Programming Systems,  Languages, and Applications},
pages = {17--34},
location = {{Orlando, Florida}},
}

@misc{liskov16,
author = {Barbara Liskov},
title = {{The Power of Abstraction}},
year = {2016},
howpublished = {Bloomberg's Engineering Distinguished Speaker Series}, 
month = {{October 24,}},
address = {New York},
url = {AUTHORS: Add a URL? },
location = {{New York}},
}

@inproceedings{lopez-gomez20,
author = {Javier L\'{o}pez-G\'{o}mez and Javier Fern\'{a}ndez and David del Rio Astorga and Vassil Vassilev  and Axel Naumann  and J. Daniel Garc\'{\i}a},
title = {{Relaxing the One Definition Rule in Interpreted C++}},
year = {2020},
isbn = {9781450371209},
publisher = {Association for Computing Machinery},
address = {New York, NY, USA},
url = {https://doi.org/10.1145/3377555.3377901},
doi = {10.1145/3377555.3377901},
booktitle = {Proceedings of the 29th International Conference on Compiler Construction},
pages = {212–222},
numpages = {11},
keywords = {Cling, One-Definition-Rule, interpreter, C++},
location = {San Diego, CA, USA},
series = {CC 2020}
}

@book{martin17, 
author = {Robert Martin}, 
title = {Clean Architecture: A Craftsman's Guide to Software Structure and Design}, 
publisher = {Pearson}, 
year = {2017}, 
address = {PUBLISHER ADDRESS}
}

@inproceedings{marton17,
  author={G. M{\'a}rton and I. {Szekeres} and Z. {Porkol{\'a}b}},
  booktitle={IEEE 14th International Scientific Conference on Informatics}, 
  title={{High-Level C++ Implementation of the read-copy-update Pattern}, 
  year={2017},
  volume={},
  number={},
  pages={243--248},
  doi={10.1109/INFORMATICS.2017.8327254}
}

@article{marton18,
  title={Towards a High-Level C++ Abstraction to Utilize the Read-Copy-Update Pattern},
  author={G{\'a}bor M{\'a}rton  and Imre Szekeres  and Zolt{\'a}n Porkol{\'a}b},
  journal={Acta Electrotechnica et Informatica},
  volume={18},
  number={3},
  pages={18--26},
  year={2018}
}

@misc{mayrand15, 
author = {Fran\c{c}ois Mayrand},
title = {{Passkey Idiom and Better Friendship in C++}},
howpublished = {Desktop Application Development, Spiria Digital Inc.},
year = {2015},
month = {{May 21,}},
url = {https://www.spiria.com/en/blog/desktop-software/passkey-idiom-and-better-friendship-c/},
}

@technicalreport{mcfarlane19, 
author = {John McFarlane},
title = {{Fixed-Point Real Numbers}},
number = {P0037R7},
month = {{June 17,}}, 
year = {2019},
address = {Geneva, Switzerland},
institution = {International Standards Organization},
url = {http://www.open-std.org/jtc1/sc22/wg21/docs/papers/2019/p0037r7.html},
}

@technicalreport{mcintosh08,  title={{User-Defined Literals (Revision 5)}},  author={Ian McIntosh and Michael Wong and Raymond Mak and Robert Klarer and Jens Maurer and Alisdair Meredith and Bjarne Stroustrup and David Vandevoorde},  year={2008},
number = {N2765},
month = {{September 18,}}, 
address = {Geneva, Switzerland},
institution = {International Standards Organization},
url = {http://www.open-std.org/Jtc1/sc22/wg21/docs/papers/2008/n2765.pdf},}

@techreport{meredith08,
author = {Alisdair Meredith and M. Wong and J. Maurer},
title = {{Inheriting Constructors (Revision 4)}},
number = {N2512},
month = {{April 2,}}, 
year = {2008},
address = {Geneva, Switzerland},
institution = {International Standards Organization},
url = {http://www.open-std.org/jtc1/sc22/wg21/docs/papers/2008/n2512.html},
}

@techreport{meredith20,
author = {Alisdair Meredith},
title = {{Down with \sout{typename} in the Library!}},
number = {P2150R0},
month = {{April 14,}}, 
year = {2020},
address = {Geneva, Switzerland},
institution = {International Standards Organization},
url = {http://open-std.org/JTC1/SC22/WG21/docs/papers/2020/p2150r0.html},
}

@inproceedings{mertz18,
author = {Arne Mertz},
title = {{Trailing Return Types, East Const, and Code Style Consistency}},
booktitle = {Simplify C++!},
url = {https://arne-mertz.de/2018/05/trailing-return-types-east-const-and-code-style-consistency/},
month = {{May 2,}},
year = {2018},
}

@misc{meyers15a,
key = {meyers15a},
author = {Scott Meyers},
title = {{The View from Aristeia: Breaking All the Eggs in C++}},
howpublished = {scottmeyers.blogspot.com},
url = {http://scottmeyers.blogspot.com/2015/11/breaking-all-eggs-in-c.html},
month = {November},
year = {2015},
}

@article{meyers04a,
  title = {{C++ and the Perils of Double-Checked Locking: Part I}},
  author = {Scott Meyers and Andrei Alexandrescu},
  journal = {{Dr. Dobb’s} Journal},
  pages = {46--49},
  year = {2004},
  url = {\textbf{AUTHORS: add url?}}
}

@article{meyers04b,
  title = {{C++ and the Perils of Double-Checked Locking: Part II}},
  author = {Scott Meyers and Andrei Alexandrescu},
  journal = {{Dr. Dobb’s} Journal},
  pages = {57--61},
  year = {2004},
  url = {\textbf{AUTHORS: add url?}}
}


@misc{microsoft,
key = {microsofta},
howpublished = {Microsoft},
title = {{Guidelines Support Library}},
url = {https://github.com/Microsoft/GSL},
}

@misc{microsoftC26481,
key = {microsoftb},
howpublished = {Guidelines Support Library, Microsoft},
title = {{C26481 NO\_POINTER\_ARITHMETIC}},
year = {2020},
month = {{April 29,}},
url = {https://docs.microsoft.com/en-us/cpp/code-quality/c26481?view=vs-2019},
}

@misc{microsoft-types,
key = {microsoftc},
howpublished = {Guidelines Support Library, Microsoft},
title = {{Built-in types (C++)}},
url = {https://docs.microsoft.com/en-us/cpp/cpp/fundamental-types-cpp},
}

@techreport{miller05,
author = {William M. Miller},
title = {Extended {\tt friend} Declarations (Rev. 3)},
number = {N1791},
url = {http://www.open-std.org/JTC1/sc22/wg21/docs/papers/2005/n1791.pdf},
month = {May},
year = {2005},
address = {Geneva, Switzerland},
institution = {International Standards Organization},
}

@techreport{miller21,
author = {William M. Miller},
title = {C++ Standard Core Language Defect Reports and Accepted Issues, Revision 104},
url = {http://www.open-std.org/jtc1/sc22/wg21/docs/cwg\_defects.html},
month = {{February 24,}},
year = {2021},
address = {Geneva, Switzerland},
institution = {International Standards Organization},
}


@inproceedings{miller12,
author = {Mike Miller},
title = {{Issue 1542: Compound Assignment of braced-init-list}},
booktitle = {C++ Standard Core Language Active Issues, Revision 104},
address = {Geneva, Switzerland},
publisher = {International Standards Organization},
year = {2012},
month = {{August 21,}}
url = {http://www.open-std.org/jtc1/sc22/wg21/docs/cwg\_active.html\#1542},
}

@inproceedings{miller13,
author = {Mike Miller},
title = {{Issue 1655: Line Endings in Raw String Literals}},
booktitle = {C++ Standard Core Language Active Issues, Revision 100},
address = {Geneva, Switzerland},
publisher = {International Standards Organization},
year = {2018},
url = {http://www.open-std.org/jtc1/sc22/wg21/docs/cwg\_active.html\#1655},
month = {{April 26,}},
}

@inproceedings{miller17,
author = {Mike Miller},
title = {{Issue 2354: Extended Alignment and Object Representation}},
booktitle = {Core Language Working Group Tentatively Ready Issues for the February, 2019 (Kona) Meeting},
address = {Geneva, Switzerland},
publisher = {International Standards Organization},
year = {2017},
month = {{September 5,}},
url = {http://www.open-std.org/jtc1/sc22/wg21/docs/papers/2019/p1359r0.html\#2354},
}

@techreport{miller19,
author = {David E. Miller and Herb Sutter and Bjarne Stroustrup},
title = {Strongly Typed Enums (Revision 3)},
number = {N2347},
institution = {International Standards Organization},
address = {Geneva, Switzerland},
url = {http://www.open-std.org/jtc1/sc22/wg21/docs/papers/2007/n2347.pdf},
month = {July},
year = {2019},
}


@misc{narkive,
title = {{Why internal linkage variables can't be used to instantialize an template?}},
howpublished = {{Narkive, accessed February 4, 2021}}, 
url = {https://comp.lang.cpp.moderated.narkive.com/PsCvujrV/why-internal-linkage-variables-can-t-be-used-to-instantialize-an-template},
}

@misc{niebler13,
author = {Eric Niebler},
title = {Universal References and the Copy Constructor},
howpublished = {ericniebler.com},
url = {https://ericniebler.com/2013/08/07/universal-references-and-the-copy-constructo/},
month = {{August 7,}},
year = {2013},
}

@misc{ouellet16,
author = {F\'{e}lix-Antoine Ouellet},
title = {{The joys and pains of unrestricted unions}},
howpublished = {{/* Insert Code Here */}},
url = {https://faouellet.github.io/unrestricted-unions/},
month = {{August 18,}},
year = {2016},
}

@techreport{pusz20,
author = {Mateusz Pusz},
title = {{Enable variable template template Parameters}},
institution = {C++ Standards Committee Working Group, International Standards Organization},
number = {P2008R0},
address = {Geneva, Switzerland},
year = {2005},
url = {http://www.open-std.org/jtc1/sc22/wg21/docs/papers/2020/p2008r0.html},
}
%%% this should be 05

@inproceedings{pusz20b,
author = {Mateusz Pusz},
title = {{A Physical Units Library For the Next C++}},
booktitle = {CppCon: The C++ Conference},
address = {Aurora, CO},
year = {2020},
month = {{September 15,}},
url = {https://www.youtube.com/watch?v=7dExYGSOJzo},
}

@article{rojas15,
  title={A Tutorial Introduction to the Lambda Calculus},
  author={R\`{a}ul Rojas},
  journal={{arXiv}},
  year={2015},
  url = {https://arxiv.org/pdf/1503.09060.pdf},
}


@book{seacord13,
author = {Robert C. Seacord},
title = {{Secure Coding in C and C++}},
edition = {second},
publisher = {Addison Wesley},
year = {2013},
address = {Boston, MA},
}

@misc{sharpe13,
author = {Chris Sharpe},
title = {{Contextually converted to bool}},
howpublished = {Chris's C++ Thoughts},
year = {2013},
month = {{July 28,}},
url = {http://chris-sharpe.blogspot.com/2013/07/contextually-converted-to-bool.html},
}

@techreport{smith15a,
author = {Richard Smith},
title = {{Attributes for namespaces and enumerators}},
institution = {C++ Standards Committee Working Group, International Standards Organization},
number = {N4196},
address = {Geneva, Switzerland},
year = {2015},
url = {http://www.open-std.org/jtc1/sc22/wg21/docs/papers/2014/n4196.html},
}

@techreport{smith15b,
author = {Richard Smith},
title = {{Rewording Inheriting Constructors (Core Issue 1941 et al.)}},
institution = {C++ Standards Committee Working Group, International Standards Organization},
number = {P0136R1},
address = {Geneva, Switzerland},
year = {2015},
url = {\textbf{AUTHORS: please add url}}
}

@techreport{smith18,
author = {Richard Smith},
title = {{Base Class Copy and Move Constructors Should Not Be Inherited}},
institution = {C++ Standards Committee Working Group, International Standards Organization},
number = {CWG2356},
address = {Geneva, Switzerland},
year = {2018},
url = {\textbf{AUTHORS: please add url}}
}

@book{solihin15,
author = {Yan Solihin},
title = {{Fundamentals of Parallel Multi-Core Architecture}},
publisher = {CRC Press},
year = {2015},
address = {Boca Raton, FL},
}

@book{stevens93,
author = {W. Richard Stevens},
title = {{Advanced Programming in the UNIX Environment}},
address = {Boston, MA},
publisher = {Addison-Wesley},
year = {1993},
}

@book{stroustrup13,
author = {Bjarne Stroustrup},
title = {{The C++ Programming Language}},
address = {Boston, MA},
publisher = {Addison-Wesley},
year = {2013},
edition = {fourth},
}

@book{stroustrup20,
author = {Bjarne Stroustrup and Herb Sutter, Eds.},
title = {{C++ Core Guidelines}},
address = {XXXXXXXXXXXXX, WA},
publisher = {Standard C++ Foundation},
year = {2020},
url = {https://isocpp.github.io/CppCoreGuidelines/CppCoreGuidelines},
}

@misc{sutter12,
author = {Herb Sutter},
title = {{Reader Q\&A: What does it mean for [[attributes]] to affect language semantics?}},
howpublished = {Sutter’s Mill: Herb Sutter on Software Development},
url = {https://herbsutter.com/2012/04/05/reader-qa-what-does-it-mean-for-attributes-to-affect-language-semantics/},
month = {{April 5,}},
year = {2012},
}

@techreport{sutter14,
author = {Herb Sutter and Bjarne Stroustrup and Gabriel Dos Reis},
title = {{Forwarding References}},
number = {N4164},
url = {https://isocpp.org/files/papers/N4164.pdf},
address = {Geneva, Switzerland},
institution = {International Standards Organization},
month = {{October 6,}},
year = {2014},
}

@techreport{sutter14b,
author = {Herb Sutter},
title = {{Defining a Portable ABI}},
url = {http://www.open-std.org/jtc1/sc22/wg21/docs/papers/2014/n4028.pdf},
month = {{May 23,}},
year = {2014},
number = {N4028},
address = {Geneva, Switzerland},
institution = {International Standards Organization},
}

@techreport{svoboda10,
author = {David Svoboda},
title = {Supporting the 'noreturn' property in C1x},
url = {http://www.open-std.org/jtc1/sc22/wg14/www/docs/n1453.htm},
number = {N1453},
month = {{April 27,}},
year = {2010},
address = {Geneva, Switzerland},
institution = {International Standards Organization},
}

@techreport{vandevoorde05,
author = {Daveed Vandevoorde},
title = {{Right Angle Brackets}},
institution = {C++ Standards Committee Working Group, International Standards Organization},
number = {N1757, Revision 2},
address = {Geneva, Switzerland},
year = {2005},
url = {http://www.open-std.org/jtc1/sc22/wg21/docs/papers/2005/n1757.html},
}

@book{vandevoorde2018,
 author = {David Vandevoorde and Nicolai Josutis  and Douglas Gregor},
 title = {C++ Templates: The Complete Guide},
 publisher = {Addison-Wesley},
 year = {2018},
 address = {Boston},
}

@misc{wakely15,
author = {Jonathan Wakely},
title = {{Bug 65685: Reducing alignment with alignas should be rejected}},
url = {https://gcc.gnu.org/bugzilla/show\_bug.cgi?id=65685},
}

@misc{wight,
author = {Hyrum Wight},
title = {{Hyrum's Law}},
url = {https://www.hyrumslaw.com/},
}

C++ Standard Core Language Defect Reports and Accepted Issues, Revision 104
@inproceedings{yasskin12,
author = {Jeffrey Yasskin},
title = {{Issue 1579: Return by Converting Move Constructor}},
booktitle = {C++ Standard Core Language Active Issues, Revision 104},
institution = {C++ Standards Committee Working Group, International Standards Organization},
number = {N4750},
address = {Geneva, Switzerland},
year = {2012},
month = {{October 23,}}, 
url = {http://www.open-std.org/jtc1/sc22/wg21/docs/cwg\_defects.html\#1579},
}


