%http://ftp.math.utah.edu/pub/tex/bib/isostd.html


@techReport{P2126R0,
    author      = {{Pablo Halpern, John Lakos}},
    title       = {Unleashing the Power of Allocator-Aware Software Infrastructure},
    institution = {WG21 - The C++ Standards Committee},
    number      = {P2126R0},
    year        = 2020,
    url         = {http://wg21.link/P2126R0},
}
